
@book{stroustrup,
author = {Bjarne Stroustrup},
title = {Programming. Principles and Practice Using C++. 2nd Edition},
address = {NY},
year = {2014},
publisher = {Addison-Wesley},
}

@book{attentionmerchants,
author = {Tim Wu},
title = {The Attention Merchants: The Epic Scramble to Get Inside Our heads},
address = {NY},
year = {2016},
}


@book{nlpinaction,
author = {Hobson Lane and Cole Howard and Hannes Max Hapke},
title = {Natural Language Processing in Action. Understanding, analyzing, and generating text with Python},
address = {NY},
year = {2019},
}

@book{historicalnlp,
author = {Michael Piotrowski},
title = {Natural Language Processing for Historical Textts},
address = {San Rafael},
year = {2012},
series = {Synthesis Lectures on Human Language Technologies 17},
}


@book{wissensrepraesentation,
author = {Wolfgang G. Stock and Mechthild Stock},
title = {Wissensrepräsentation. Informationen auswerten und bereitstellen},
address = {München},
year = {2008},
}
@book{gillivray,
author = {Barbara McGillivray},
title = {Methods in Latin Computational Linguistics},
address = {Leiden},
year = {2014},
}

@incollection{annotatedcorpora,
author = {Gard B. Jenset and Barbara McGillivray},
editor = {Gard B. Jenset and Barbara McGillivray},
title = {Historical Corpus Annotation},
booktitle = {Quantitative Historical Linguistics: A Corpus Framework},
year = {2017},
address = {Oxford},
pages = {98-- 129}
}


@incollection{birdseye,
author = {Maciej Eder},
editor = {Laura Estill and Diane K. Jakacki and Michael Ullyot},
title = {A Bird's Eye View of Early Modern Latin: Distant Reading, Network Analysis, and Style Variation},
booktitle = {Early Modern Studies after the Digital Turn},
year = {2016},
address = {Toronto},
series = {New Technologies in Medieval and Renaissance Studies 6},
pages = {61--88}
}
@incollection{POS,
author = {Dan Tufiș and Radu Ion},
editor = {Ruslan Mitkov},
title = {Part-of-Speech Tagging},
booktitle = {The Oxford Handbook of Computational Linguistics 2nd edition (2 ed.)},
year = {2017},
address = {Oxford},
url={10.1093/oxfordhb/9780199573691.013.51}
}


@incollection{infoExtraction,
author = {Ralph Grishman},
editor = {Ruslan Mitkov},
title = {Information Extraction},
booktitle = {The Oxford Handbook of Computational Linguistics 2nd edition (2 ed.)},
year = {2015},
address = {Oxford},
url={10.1093/oxfordhb/9780199573691.013.009}
}
  
  @inproceedings{morettiClues,
    author  = {Franco Moretti},
    title   = {Clues},
    booktitle = {Signs Taken for Wonders: On the Sociology of Literary Forms},
    editor = {Susan Fischer and David Forgacs and David Miller},
    year    = {1983},
    pages   = {130--156},
	address = {London},
	publisher={Verso}
 }
  @inproceedings{todorovDetectiveFiction,
    author  = {Tzvetan Todorov},
    title   = {The Typology of Detective Fiction},
    booktitle = {The Poetics of Prose},
    editor = {Richard Howard},
    year    = {1977},
    pages   = {42--54},
	address = {Ithaca},
	publisher={Cornell University Press}
 }


@article{morettiPrendergast,
author = {Franco Moretti},
title = {The End of the Beginning. A reply to Christopher Prendergast},
journal = {New Left Review},
year = {2006},
volume = {41},
pages = {71--86},
}



 @inproceedings{holmesCompanionIntro,
    author  = {Janice M. Allan and Christopher Pittard},
    title   = {Introduction},
    booktitle = {The Cambridge Companion to Sherlock Holmes},
    editor = {Janice M. Allan and Christopher Pittard},
    year    = {2019},
    pages   = {1--14},
	address = {Chambridge},
	publisher={Cambridge University Press}
 }
 @inproceedings{holmesCompanionHistory,
    author  = {Merrick Burrow},
    title   = {Holmes and the History of Detective Fiction},
    booktitle = {The Cambridge Companion to Sherlock Holmes},
    editor = {Janice M. Allan and Christopher Pittard},
    year    = {2019},
    pages   = {15--28},
	address = {Chambridge},
	publisher={Cambridge University Press}
 }
 @inproceedings{holmesCompanionLondon,
    author  = {Stephen Knight},
    title   = {Doyle, Holmes and London},
    booktitle = {The Cambridge Companion to Sherlock Holmes},
    editor = {Janice M. Allan and Christopher Pittard},
    year    = {2019},
    pages   = {43--54},
	address = {Chambridge},
	publisher={Cambridge University Press}
 }
  @inproceedings{holmesCompanionEnglishness,
    author  = {Christine Berberich},
    title   = {Englishness and Rural England},
    booktitle = {The Cambridge Companion to Sherlock Holmes},
    editor = {Janice M. Allan and Christopher Pittard},
    year    = {2019},
    pages   = {55-67},
	address = {Chambridge},
	publisher={Cambridge University Press}
 }
 @inproceedings{holmesCompanionLiteraryTheory,
    author  = {Bran Nicol},
    title   = {Holmes and Literary Theory},
    booktitle = {The Cambridge Companion to Sherlock Holmes},
    editor = {Janice M. Allan and Christopher Pittard},
    year    = {2019},
    pages   = {185--198},
	address = {Chambridge},
	publisher={Cambridge University Press}
 }







@incollection{textvisual,
author = {Steffan Sinclair and Geoffrey Rockwell},
editor = {Susan Schreibmann and Ray Siemens and John Unsworth},
title = {Text Analysis and Visualization: Making Meaning Count},
booktitle = {A New Companion To Digital Humanities},
year = {2016},
publisher = {Wiley Blackwell},
address = {Oxford},
pages = {274--290}
}

@incollection{textmining,
author = {Matthew L. Jockers and Ted Underwood},
editor = {Susan Schreibmann and Ray Siemens and John Unsworth},
title = {Text-Mining the Humanities},
booktitle = {A New Companion To Digital Humanities},
year = {2016},
publisher = {Wiley Blackwell},
address = {Oxford},
pages = {291--306}
}

@book{macroanalysis,
author = {Matthew L. Jockers},
title = {Macroanalysis. Digital Methods and Literary History},
address = {Chicago},
year = {2013},
}

@book{distantreading,
author = {Franco Moretti},
title = {Distant Reading},
address = {London},
year = {2013},
}

@book{graphsmoretti,
author = {Franco Moretti},
title = {Graphs, Maps, Trees. Abstract Models for a Literary History},
address = {London},
year = {2005},
}
@incollection{orthography,
author = {Anupam Basu},
editor = {Laura Estill and Diane K. Jakacki and Michael Ullyot},
title = {``Ill shapen sounds, and false orthography'': A Computational Approach to Early English Orthographic Variation},
booktitle = {Early Modern Studies after the Digital Turn},
year = {2016},
address = {Toronto},
series = {New Technologies in Medieval and Renaissance Studies 6},
pages = {167--200}
}




